<?xml version="1.0" encoding="UTF-8"?><collection xmlns="http://www.loc.gov/MARC21/slim"><record><leader>00467nam--2200169-i-4500</leader><controlfield tag="001">000031941</controlfield><controlfield tag="002">20161230</controlfield><controlfield tag="005">20170305191428</controlfield><controlfield tag="008">060222s1000------------r-----000-0-eng-d</controlfield><datafield ind1=" " ind2=" " tag="080"><subfield code="a">621.384.664</subfield></datafield><datafield ind1=" " ind2=" " tag="100"><subfield code="a">Michaelis, E. G</subfield></datafield><datafield ind1=" " ind2=" " tag="245"><subfield code="a">Optimum length of a carbon target for pion production</subfield></datafield><datafield ind1=" " ind2=" " tag="260"><subfield code="a">Geneva</subfield><subfield code="b">European Organization For Nuclear Research</subfield><subfield code="c">1965</subfield></datafield><datafield ind1=" " ind2=" " tag="300"><subfield code="a">10 p.+ 6 fig</subfield></datafield><datafield ind1=" " ind2=" " tag="700"><subfield code="a">Skarek, P</subfield></datafield><datafield ind1=" " ind2=" " tag="852"><subfield code="a">23754</subfield></datafield><datafield ind1=" " ind2=" " tag="CAT"><subfield code="a">SYS</subfield><subfield code="c">20170305</subfield><subfield code="h">191428</subfield></datafield></record></collection>